
@article{9711325,
  author={Wang, Wei and Zhang, Haochen and Yuan, Zehuan and Wang, Changhu},
  booktitle={2021 IEEE/CVF International Conference on Computer Vision (ICCV)},
  title={Unsupervised Real-World Super-Resolution: A Domain Adaptation Perspective},
  year={2021},
  volume={},
  number={},
  pages={4298-4307},
  doi={10.1109/ICCV48922.2021.00428}
}

@misc{oscar,
  title = {VTX and VRX Latency 5.8Ghz Analog FPV System},
  howpublished = "\url{https://oscarliang.com/vtx-vrx-latency-analog/}",
  note = {}
}

@misc{pwcode,
  title = {Image Super-Resolution on Set5 - 4x upscaling},
  howpublished = "\url{https://paperswithcode.com/sota/image-super-resolution-on-set5-4x-upscaling}",
  note = {rankings as of 16/08/2023}
}



@misc{runcam,
  title = {Runcam 2},
  howpublished = "\url{https://shop.runcam.com/runcam2/}",
  note = {}
}

@misc{caddx,
  title = {CADDXFPV Ratel2},
  howpublished = "\url{https://caddxfpv.com/products/ratel-2-1-1-8inch-starlight-sensor-freestyle-fpv-camera}",
  note = {}
}

@misc{pal,
  title = {Phase Alternating Line (PAL)},
  howpublished = "\url{https://en.wikipedia.org/wiki/PAL}",
  note = {}
}


@misc{flength,
  title = {understanding focal length and field of view},
  howpublished = "\url{https://www.edmundoptics.eu/resources/application-notes/imaging/understanding-focal-length-and-field-of-view/}",
  note = {}
}

@misc{distortion,
  title = {Distortion},
  howpublished = "\url{https://www.edmundoptics.com/knowledge-center/application-notes/imaging/distortion/}",
  note = {}
}

@misc{opencv,
  title = {OpenCV},
  howpublished = "\url{https://opencv.org/}",
  note = {}
}

@misc{opencvcalib,
  title = {OpenCV Camera Calibration and 3d recostruction},
  howpublished = "\url{https://docs.opencv.org/3.4/d9/d0c/group__calib3d.html}",
  note = {}
}

@misc{opencvsolvepnp,
  title = {OpenCV solvePnP},
  howpublished = "\url{https://docs.opencv.org/4.x/d9/d0c/group__calib3d.html#ga549c2075fac14829ff4a58bc931c033d}",
  note = {}
}

@misc{wikipinhole,
  title = {Pinhole Camera Model},
  howpublished = "\url{https://en.wikipedia.org/wiki/Pinhole_camera_model}",
  note = {}
}


@misc{matlab,
  title = {Camera Calibration Toolbox for Matlab},
  howpublished = "\url{http://robots.stanford.edu/cs223b04/JeanYvesCalib/}",
  note = {}
}

@misc{wang2018esrgan,
      title={ESRGAN: Enhanced Super-Resolution Generative Adversarial Networks},
      author={Xintao Wang and Ke Yu and Shixiang Wu and Jinjin Gu and Yihao Liu and Chao Dong and Chen Change Loy and Yu Qiao and Xiaoou Tang},
      year={2018},
      eprint={1809.00219},
      archivePrefix={arXiv},
      primaryClass={cs.CV}
}

@misc{wang2021realesrgan,
      title={Real-ESRGAN: Training Real-World Blind Super-Resolution with Pure Synthetic Data},
      author={Xintao Wang and Liangbin Xie and Chao Dong and Ying Shan},
      year={2021},
      eprint={2107.10833},
      archivePrefix={arXiv},
      primaryClass={eess.IV}
}

@misc{liang2021swinir,
      title={SwinIR: Image Restoration Using Swin Transformer},
      author={Jingyun Liang and Jiezhang Cao and Guolei Sun and Kai Zhang and Luc Van Gool and Radu Timofte},
      year={2021},
      eprint={2108.10257},
      archivePrefix={arXiv},
      primaryClass={eess.IV}
}

@misc{chen2023activating,
      title={Activating More Pixels in Image Super-Resolution Transformer},
      author={Xiangyu Chen and Xintao Wang and Jiantao Zhou and Yu Qiao and Chao Dong},
      year={2023},
      eprint={2205.04437},
      archivePrefix={arXiv},
      primaryClass={eess.IV}
}

@misc{cai2019realworld,
      title={Toward Real-World Single Image Super-Resolution: A New Benchmark and A New Model},
      author={Jianrui Cai and Hui Zeng and Hongwei Yong and Zisheng Cao and Lei Zhang},
      year={2019},
      eprint={1904.00523},
      archivePrefix={arXiv},
      primaryClass={cs.CV}
}

@ARTICLE{888718,
  author={Zhang, Z.},
  journal={IEEE Transactions on Pattern Analysis and Machine Intelligence},
  title={A flexible new technique for camera calibration},
  year={2000},
  volume={22},
  number={11},
  pages={1330-1334},
  doi={10.1109/34.888718}}
